@Article         {Yao98b,
        author = {Yong Liu and Xin Yao},
         title = {{Evolving Modular Neural Networks which Generalise Well}},
       journal = {Proceedings of the IEEE International Conference on Artificial Life and Robotics. AROBIII 98, M. Sugisake (ed.), vol 2, pp. 736-739},
          year = 1998
}

@InProceedings{branke95:eann,
  author =       {J{\"{u}}rgen Branke},
  title =        {Evolutionary Algorithms for Neural Network Design
                  and Training},
  booktitle =    {Proceedings of the 1st Nordic Workshop on Genetic
                  Algorithms and its Applictions},
  year =         1995
}

@TechReport{balakrishnan95:EDNA,
  author =       {Karthik Balakrishnan and Vasant Honavar},
  title =        {Evolutionary Design of Neural Architectures -- A
                  preliminary taxonomy and guide to literature},
  institution =  {AI Research Group},
  year =         1995,
  month =        {January},
  note =         {CS-TR 95-01}
}

@TechReport{Yao92,
  author =       "Yao, X.",
  title =        " A Review of Evolutionary Artificial Neural Networks",
  institution =  "CSIRO",
  year =         1992
}

@InProceedings{weiss94:nnec,
  author =       {Gerhard Weiss},
  title =        {Neural Networks and Evolutionary Computation. Part
                  I: Hybrid approaches in Artificial Intelligence},
  booktitle =    {ICEC'94},
  year =         1994,
  pages =        {268--272}
}

@Article         {Keesing,
        author = {R. Keesing and D.G. Stork},
         title = {Evolution and learning in neural networks: the number and distribution of learning trials affect the rate of evolution},
       journal = {Advances in Neural Information Processing Systems, 3, 805-810},
          year = 1991
}

@Article         {Hinton,
        author = {Hinton G.E. and Nowlan S.J.},
         title = {How learning can guide evolution},
       journal = {Complex Systems, 1, 495-502},
          year = 1987
}

@Article         {Baldwin,
        author = {Baldwin, J.M.},
         title = {A new factor in evolution},
       journal = {American Naturalist 30, 441-451},
          year = 1896
}

@Article         {Kitano90,
        author = {Kitano H.},
         title = {Designing neural networks using genetic algorithms with graph generation system},
       journal = {Complex Systems, Vol. 4, pp. 461-476},
          year = 1990
}

@Article         {Harp89,
        author = {Harp S.A. ; Smad T. ; Guha A.},
         title = {towards the genetic synthesis of neural networks},
       journal = {in Schaffer, J.D. (Ed.), Third International Conference on Genetic Algorithms, Morgan Kauffmann, 360-369},
          year = 1989
}

@Article         {Dodd91,
        author = {Dodd N.; Macfarlane D.; Marland C.},
         title = {Optimisation of artificial neural networks structure using genetic techniques implemented on multiple transputers},
       journal = {Proceedings of Transputing 91},
          year = 1991
}

@Article         {Gruau92,
        author = {Gruau, F.C.},
         title = {Cellular enconding of genetic neural networks},
       journal = {Technical Report, LIP-IMAG Ecole Normale Superieure de Lyon, 46 All\'{e}e d'Italie 69007 Lyon, France},
          year = 1992
}

@Article         {Marin95,
        author = {Mar\'{\i}n F.J. ; Sandoval F.},
         title = {Dise\~{n}o de redes neuronales artificiales mediante algoritmos gen\'{e}ticos},
       journal = {Computaci\'{o}n neuronal. Universidad de Santiago de Compostela, pp.385-424},
          year = 1995
}

@Article         {Whitley93,
        author = {Whitley D. ; Starkweather T. ; Bogart C.},
         title = {Genetic Algorithms and Neural Networks: Optimizing Connections and Connectivity},
       journal = {Parallel computing, Vol. 14, pp. 347-361},
          year = 1993
}

@Article         {Schraudolph92,
        author = {Schraudolph N.N. and Belew R.K.},
         title = {Dynamic parameter encoding for genetic algorithms},
       journal = {Machine Learning, vol. 9, N. 1, 9-21},
          year = 1992
}
